@misc{gmsh,
 title = {Gmsh},
 howpublished = {\url{https://gmsh.info/}},
 note = {Accessed: 2022-12-16}
}

@misc{paraview,
 title = {{P}ara{V}iew},
 howpublished = {\url{https://www.paraview.org/}},
 note = {Accessed: 2022-12-16}
}

@misc{fenicsSite,
 title = {{FE}ni{CS}},
 howpublished = {\url{https://fenicsproject.org/}},
 note = {Accessed: 2022-12-16}
}

@article{fenics1,
 title={The FEniCS project version 1.5},
 author={Aln{\ae}s, Martin and Blechta, Jan and Hake, Johan and Johansson, August and Kehlet, Benjamin and Logg, Anders and Richardson, Chris and Ring, Johannes and Rognes, Marie E and Wells, Garth N},
 journal={Archive of Numerical Software},
 volume={3},
 number={100},
 year={2015}
}

@article{fenics2,
  title={Automated Solution of Differential equations by the Finite Element Method},
  author={Logg, A. and Mardal, K.-A. and Wells, G.N.},
  year={2012},
  publisher={Springer},
}


@article{ufl,
  title={Unified Form Language: A domain-specific language for weak formulations of partial differential equations},
  author={Alnaes, M.S. and Logg, A., Olgaard, K.B. and Rognes, M.E. and Wells, G.N.},
  journal={ACM Transactions on Mathematical Software},
  volume={40},
  year={2014},
}
