@misc{fractalFoundation, 
  title={What are fractals?}, 
  howpublished={\url{https://fractalfoundation.org/resources/what-are-fractals/}}, 
  journal={Fractal Foundation},
  note = {Accessed on 26 December 2022}
} 
@misc{sierpinskiWiki, 
  title={Sierpinski tirangle}, 
  howpublished={\url{https://en.wikipedia.org/wiki/Sierpinski_triangle}}, 
  journal={Wikipedia},
  note = {Accessed on 26 December 2022}
} 
@article{KS,
  title={Eigenfunctions of the Koch snowflake domain},
  author={Lapidus, Michel L and Pang, Michael MH},
  journal={Communications in mathematical physics},
  volume={172},
  number={2},
  pages={359--376},
  year={1995},
  publisher={Springer}
}
@book{OP,
  title={Snow},
  author={Pamuk, Orhan},
  year={2006},
  publisher={Vintage}
}
@phdthesis{LA,
author={Aydinbakar, Levent},
title={A Comparative Turbomachinery Flow Study with the Conservative and Nonconservative Forms of the Spaceâ€“Time Variational Multiscale Method in the Inertial and Non-inertial Reference Frames},
pages={1-131},
school={Waseda University},
year={2021},
url={https://irdb.nii.ac.jp/00835/0005177040},
}
